
<record>
  <controlfield tag="000">00945caa\\\\22003017a\\4500</controlfield>
  <controlfield tag="001">761798</controlfield>
  <controlfield tag="005">20250327020830.0</controlfield>
  <controlfield tag="008">131206s1989\\\\\\\\usa\\\\\\\\#r\\\\\\\\\\000\\0\\eng\\d</controlfield>
  <datafield tag="029" ind1=" " ind2=" ">
    <subfield code="a">JN</subfield>
    <subfield code="b">NL890137 E</subfield>
  </datafield>
  <datafield tag="035" ind1=" " ind2=" ">
    <subfield code="a">(DHL)1014372</subfield>
  </datafield>
  <datafield tag="039" ind1=" " ind2=" ">
    <subfield code="a">DHU</subfield>
  </datafield>
  <datafield tag="040" ind1=" " ind2=" ">
    <subfield code="a">NNUN</subfield>
    <subfield code="b">eng</subfield>
  </datafield>
  <datafield tag="041" ind1=" " ind2=" ">
    <subfield code="a">engfrespa</subfield>
  </datafield>
  <datafield tag="049" ind1=" " ind2=" ">
    <subfield code="a">usa</subfield>
  </datafield>
  <datafield tag="089" ind1=" " ind2=" ">
    <subfield code="b">B03</subfield>
  </datafield>
  <datafield tag="091" ind1=" " ind2=" ">
    <subfield code="a">GEN</subfield>
  </datafield>
  <datafield tag="099" ind1=" " ind2=" ">
    <subfield code="a">UNH</subfield>
    <subfield code="b">DHU</subfield>
  </datafield>
  <datafield tag="191" ind1=" " ind2=" ">
    <subfield code="a">A/S-15/PV.14</subfield>
    <subfield code="b">A/</subfield>
    <subfield code="c">15sp</subfield>
    <subfield code="q">AS15PV14</subfield>
    <subfield code="r">A15SP</subfield>
    <subfield code="0">(DHLAUTH)356039</subfield>
  </datafield>
  <datafield tag="245" ind1="1" ind2="0">
    <subfield code="a">General Assembly, 15th special session :</subfield>
    <subfield code="b">14th plenary meeting, Thursday, 9 June 1988, New York</subfield>
  </datafield>
  <datafield tag="269" ind1=" " ind2=" ">
    <subfield code="a">1989</subfield>
  </datafield>
  <datafield tag="495" ind1=" " ind2=" ">
    <subfield code="a">GAOR, 15th special session</subfield>
  </datafield>
  <datafield tag="580" ind1=" " ind2=" ">
    <subfield code="a">In: Official records of the General Assembly, 15th special session, plenary meetings, verbatim records of the meetings, annexes, 31 May-25 June 1988, New York: 1989 - p. 269-285.</subfield>
  </datafield>
  <datafield tag="596" ind1=" " ind2=" ">
    <subfield code="a">Retrospective indexing.</subfield>
  </datafield>
  <datafield tag="856" ind1="4" ind2=" ">
    <subfield code="u">https://digitallibrary.un.org/record/761798/files/A_S-15_PV.14-EN.pdf</subfield>
    <subfield code="y">English</subfield>
    <subfield code="9">9829d03f-f7e2-44f4-b1cd-6fe895292923</subfield>
    <subfield code="s">2608735</subfield>
  </datafield>
  <datafield tag="856" ind1="4" ind2=" ">
    <subfield code="u">https://digitallibrary.un.org/record/761798/files/A_S-15_PV.14-ES.pdf</subfield>
    <subfield code="y">EspanÌ\x83ol</subfield>
    <subfield code="9">23cf0ee8-f992-4e62-9988-a3fc85f5cc7f</subfield>
    <subfield code="s">2939194</subfield>
  </datafield>
  <datafield tag="856" ind1="4" ind2=" ">
    <subfield code="u">https://digitallibrary.un.org/record/761798/files/A_S-15_PV.14-FR.pdf</subfield>
    <subfield code="y">FrancÌ§ais</subfield>
    <subfield code="9">8751dc03-45ec-4e50-937a-2f762396b363</subfield>
    <subfield code="s">2855285</subfield>
  </datafield>
  <datafield tag="930" ind1=" " ind2=" ">
    <subfield code="a">UND</subfield>
  </datafield>
  <datafield tag="930" ind1=" " ind2=" ">
    <subfield code="a">DIG</subfield>
  </datafield>
  <datafield tag="949" ind1=" " ind2=" ">
    <subfield code="9">A/S-15/PV.14</subfield>
    <subfield code="b">10000001014372</subfield>
    <subfield code="c">c.1</subfield>
    <subfield code="d">20131205190000</subfield>
    <subfield code="i">1910503</subfield>
    <subfield code="k">unes</subfield>
    <subfield code="l">DHL</subfield>
    <subfield code="m">ncirc</subfield>
    <subfield code="z">t</subfield>
  </datafield>
  <datafield tag="980" ind1=" " ind2=" ">
    <subfield code="a">BIB</subfield>
  </datafield>
  <datafield tag="981" ind1=" " ind2=" ">
    <subfield code="a">General Assembly</subfield>
    <subfield code="b">General Assembly Plenary</subfield>
  </datafield>
  <datafield tag="989" ind1=" " ind2=" ">
    <subfield code="a">Documents and Publications</subfield>
    <subfield code="b">Meeting Records</subfield>
    <subfield code="c">Verbatim Records</subfield>
  </datafield>
  <datafield tag="998" ind1=" " ind2=" ">
    <subfield code="a">20131206125000</subfield>
    <subfield code="b">nvcat</subfield>
    <subfield code="c">20131209000000</subfield>
    <subfield code="x">0x00010000a5a50af5</subfield>
    <subfield code="z">20200217173843</subfield>
  </datafield>
  <datafield tag="999" ind1=" " ind2=" ">
    <subfield code="a">nbp20131206</subfield>
    <subfield code="b">20131206</subfield>
    <subfield code="c">p</subfield>
  </datafield>
  <datafield tag="999" ind1=" " ind2=" ">
    <subfield code="a">nbq20131206</subfield>
    <subfield code="b">20131206</subfield>
    <subfield code="c">q</subfield>
  </datafield>
</record>