
<record>
  <controlfield tag="000">01604nam\\\\2200493#\\\\4500</controlfield>
  <controlfield tag="001">41810</controlfield>
  <controlfield tag="005">20220624164650.0</controlfield>
  <controlfield tag="008">880714s1988\\\\\\\\usa\\\\\\\\\\r\\\\\\\\\\\\\\\\\\\\\\eng\\u</controlfield>
  <datafield tag="035" ind1=" " ind2=" ">
    <subfield code="a">D131727X</subfield>
    <subfield code="z">I0049138</subfield>
    <subfield code="z">D0097495</subfield>
  </datafield>
  <datafield tag="035" ind1=" " ind2=" ">
    <subfield code="a">(DHL)131727</subfield>
  </datafield>
  <datafield tag="039" ind1=" " ind2=" ">
    <subfield code="a">DHU</subfield>
  </datafield>
  <datafield tag="040" ind1=" " ind2=" ">
    <subfield code="a">NNUN</subfield>
    <subfield code="b">eng</subfield>
  </datafield>
  <datafield tag="041" ind1=" " ind2=" ">
    <subfield code="a">engarachifrerusspa</subfield>
  </datafield>
  <datafield tag="049" ind1=" " ind2=" ">
    <subfield code="a">usa</subfield>
  </datafield>
  <datafield tag="089" ind1=" " ind2=" ">
    <subfield code="a">Meeting records (UN)</subfield>
    <subfield code="b">B03</subfield>
  </datafield>
  <datafield tag="091" ind1=" " ind2=" ">
    <subfield code="a">PRO</subfield>
  </datafield>
  <datafield tag="099" ind1=" " ind2=" ">
    <subfield code="a">UNH</subfield>
    <subfield code="b">DHU</subfield>
  </datafield>
  <datafield tag="191" ind1=" " ind2=" ">
    <subfield code="a">A/S-15/PV.16</subfield>
    <subfield code="b">A/</subfield>
    <subfield code="c">15sp</subfield>
    <subfield code="d">A/</subfield>
    <subfield code="e">S-15/PV.16</subfield>
    <subfield code="f">000091</subfield>
    <subfield code="q">AS15PV16</subfield>
    <subfield code="r">A15SP</subfield>
    <subfield code="0">(DHLAUTH)356039</subfield>
  </datafield>
  <datafield tag="245" ind1="1" ind2="0">
    <subfield code="a">Provisional verbatim record of the 16th meeting, held at Headquarters, New York, on Friday, 10 June 1988 :</subfield>
    <subfield code="b">General Assembly, 15th special session.</subfield>
  </datafield>
  <datafield tag="260" ind1=" " ind2=" ">
    <subfield code="a">[New York] :</subfield>
    <subfield code="b">UN,</subfield>
    <subfield code="c">17 June 1988.</subfield>
  </datafield>
  <datafield tag="269" ind1=" " ind2=" ">
    <subfield code="a">1988-06-17</subfield>
  </datafield>
  <datafield tag="300" ind1=" " ind2=" ">
    <subfield code="a">[51] p.</subfield>
  </datafield>
  <datafield tag="630" ind1="0" ind2="7">
    <subfield code="a">Treaty between the United States of America and the Union of Soviet Socialist Republics on the Elimination of Their Intermediate-Range and Shorter-Range Missiles (1987)</subfield>
    <subfield code="0">(DHLAUTH)133653</subfield>
  </datafield>
  <datafield tag="650" ind1="0" ind2="7">
    <subfield code="a">ARMS RACE</subfield>
    <subfield code="0">(DHLAUTH)268568</subfield>
  </datafield>
  <datafield tag="650" ind1="0" ind2="7">
    <subfield code="a">NUCLEAR WEAPON TESTS</subfield>
    <subfield code="0">(DHLAUTH)268965</subfield>
  </datafield>
  <datafield tag="650" ind1="0" ind2="7">
    <subfield code="a">APARTHEID</subfield>
    <subfield code="0">(DHLAUTH)268992</subfield>
  </datafield>
  <datafield tag="650" ind1="0" ind2="7">
    <subfield code="a">DISARMAMENT</subfield>
    <subfield code="0">(DHLAUTH)268584</subfield>
  </datafield>
  <datafield tag="650" ind1="0" ind2="7">
    <subfield code="a">DEVELOPMENT</subfield>
    <subfield code="0">(DHLAUTH)269844</subfield>
  </datafield>
  <datafield tag="650" ind1="0" ind2="7">
    <subfield code="a">PEACE MOVEMENTS</subfield>
    <subfield code="0">(DHLAUTH)268278</subfield>
  </datafield>
  <datafield tag="650" ind1="0" ind2="7">
    <subfield code="a">DISARMAMENT NEGOTIATIONS</subfield>
    <subfield code="0">(DHLAUTH)268763</subfield>
  </datafield>
  <datafield tag="650" ind1="0" ind2="7">
    <subfield code="a">EUROPEAN SECURITY AND COOPERATION</subfield>
    <subfield code="0">(DHLAUTH)268586</subfield>
  </datafield>
  <datafield tag="650" ind1="0" ind2="7">
    <subfield code="a">OUTER SPACE</subfield>
    <subfield code="0">(DHLAUTH)269444</subfield>
  </datafield>
  <datafield tag="650" ind1="0" ind2="7">
    <subfield code="a">CONFIDENCE-BUILDING MEASURES</subfield>
    <subfield code="0">(DHLAUTH)268594</subfield>
  </datafield>
  <datafield tag="650" ind1="0" ind2="7">
    <subfield code="a">VERIFICATION</subfield>
    <subfield code="0">(DHLAUTH)268892</subfield>
  </datafield>
  <datafield tag="650" ind1="0" ind2="7">
    <subfield code="a">DISARMAMENT AGREEMENTS</subfield>
    <subfield code="0">(DHLAUTH)268889</subfield>
  </datafield>
  <datafield tag="650" ind1="0" ind2="7">
    <subfield code="a">NUCLEAR DISARMAMENT</subfield>
    <subfield code="0">(DHLAUTH)268886</subfield>
  </datafield>
  <datafield tag="650" ind1="0" ind2="7">
    <subfield code="a">SPACE WEAPONS</subfield>
    <subfield code="0">(DHLAUTH)268824</subfield>
  </datafield>
  <datafield tag="650" ind1="0" ind2="7">
    <subfield code="a">NAVAL ARMAMENTS</subfield>
    <subfield code="0">(DHLAUTH)268822</subfield>
  </datafield>
  <datafield tag="650" ind1="0" ind2="7">
    <subfield code="a">NICARAGUA SITUATION</subfield>
    <subfield code="0">(DHLAUTH)269073</subfield>
  </datafield>
  <datafield tag="650" ind1="0" ind2="7">
    <subfield code="a">CHEMICAL WEAPONS</subfield>
    <subfield code="0">(DHLAUTH)268857</subfield>
  </datafield>
  <datafield tag="793" ind1=" " ind2=" ">
    <subfield code="a">PL</subfield>
  </datafield>
  <datafield tag="856" ind1="4" ind2=" ">
    <subfield code="y">English</subfield>
    <subfield code="9">b6270467-dbf2-4f82-a28d-bff257044d3d</subfield>
    <subfield code="s">2629128</subfield>
    <subfield code="u">https://digitallibrary.un.org/record/41810/files/A_S-15_PV.16-EN.pdf</subfield>
  </datafield>
  <datafield tag="930" ind1=" " ind2=" ">
    <subfield code="a">UNDOCT88</subfield>
  </datafield>
  <datafield tag="955" ind1=" " ind2=" ">
    <subfield code="a">07092900</subfield>
  </datafield>
  <datafield tag="980" ind1=" " ind2=" ">
    <subfield code="a">BIB</subfield>
  </datafield>
  <datafield tag="981" ind1=" " ind2=" ">
    <subfield code="a">General Assembly</subfield>
    <subfield code="b">General Assembly Plenary</subfield>
  </datafield>
  <datafield tag="989" ind1=" " ind2=" ">
    <subfield code="a">Documents and Publications</subfield>
    <subfield code="b">Meeting Records</subfield>
    <subfield code="c">Verbatim Records</subfield>
  </datafield>
  <datafield tag="991" ind1="1" ind2=" ">
    <subfield code="a">A/S-15/15</subfield>
    <subfield code="b">8</subfield>
    <subfield code="c">General debate.</subfield>
    <subfield code="f">G88</subfield>
    <subfield code="0">(DHLAUTH)356160</subfield>
  </datafield>
  <datafield tag="992" ind1=" " ind2=" ">
    <subfield code="a">1988-06-10</subfield>
  </datafield>
  <datafield tag="998" ind1=" " ind2=" ">
    <subfield code="a">19961223000000</subfield>
    <subfield code="c">20220623112800</subfield>
    <subfield code="d">sh35cat</subfield>
    <subfield code="x">0x00010000c6a70e20</subfield>
    <subfield code="z">20220623153047</subfield>
  </datafield>
</record>