
<record>
  <controlfield tag="000">01545nam\\\\2200457#\\\\4500</controlfield>
  <controlfield tag="001">41790</controlfield>
  <controlfield tag="005">20250412020745.0</controlfield>
  <controlfield tag="008">880713s1988\\\\\\\\usa\\\\\\\\\\r\\\\\\\\\\\\\\\\\\\\\\eng\\u</controlfield>
  <datafield tag="035" ind1=" " ind2=" ">
    <subfield code="a">D131707X</subfield>
    <subfield code="z">I0049197</subfield>
    <subfield code="z">D0097481</subfield>
  </datafield>
  <datafield tag="035" ind1=" " ind2=" ">
    <subfield code="a">(DHL)131707</subfield>
  </datafield>
  <datafield tag="039" ind1=" " ind2=" ">
    <subfield code="a">DHU</subfield>
  </datafield>
  <datafield tag="040" ind1=" " ind2=" ">
    <subfield code="a">NNUN</subfield>
    <subfield code="b">eng</subfield>
  </datafield>
  <datafield tag="041" ind1=" " ind2=" ">
    <subfield code="a">engarachifrerusspa</subfield>
  </datafield>
  <datafield tag="049" ind1=" " ind2=" ">
    <subfield code="a">usa</subfield>
  </datafield>
  <datafield tag="089" ind1=" " ind2=" ">
    <subfield code="a">Meeting records (UN)</subfield>
    <subfield code="b">B03</subfield>
  </datafield>
  <datafield tag="091" ind1=" " ind2=" ">
    <subfield code="a">PRO</subfield>
  </datafield>
  <datafield tag="099" ind1=" " ind2=" ">
    <subfield code="a">UNH</subfield>
    <subfield code="b">DHU</subfield>
  </datafield>
  <datafield tag="191" ind1=" " ind2=" ">
    <subfield code="a">A/S-15/PV.18</subfield>
    <subfield code="b">A/</subfield>
    <subfield code="c">15sp</subfield>
    <subfield code="d">A/</subfield>
    <subfield code="e">S-15/PV.18</subfield>
    <subfield code="f">000093</subfield>
    <subfield code="q">AS15PV18</subfield>
    <subfield code="r">A15SP</subfield>
    <subfield code="0">(DHLAUTH)356039</subfield>
  </datafield>
  <datafield tag="245" ind1="1" ind2="0">
    <subfield code="a">Provisional verbatim record of the 18th meeting, held at Headquarters, New York, on Monday, 13 June 1988 :</subfield>
    <subfield code="b">General Assembly, 15th special session.</subfield>
  </datafield>
  <datafield tag="260" ind1=" " ind2=" ">
    <subfield code="a">[New York] :</subfield>
    <subfield code="b">UN,</subfield>
    <subfield code="c">17 June 1988.</subfield>
  </datafield>
  <datafield tag="269" ind1=" " ind2=" ">
    <subfield code="a">1988-06-17</subfield>
  </datafield>
  <datafield tag="300" ind1=" " ind2=" ">
    <subfield code="a">[47] p.</subfield>
  </datafield>
  <datafield tag="630" ind1="0" ind2="7">
    <subfield code="a">Treaty between the United States of America and the Union of Soviet Socialist Republics on the Elimination of Their Intermediate-Range and Shorter-Range Missiles (1987)</subfield>
    <subfield code="0">(DHLAUTH)133653</subfield>
  </datafield>
  <datafield tag="650" ind1="0" ind2="7">
    <subfield code="a">DISARMAMENT NEGOTIATIONS</subfield>
    <subfield code="0">(DHLAUTH)268763</subfield>
  </datafield>
  <datafield tag="650" ind1="0" ind2="7">
    <subfield code="a">NUCLEAR DISARMAMENT</subfield>
    <subfield code="0">(DHLAUTH)268886</subfield>
  </datafield>
  <datafield tag="650" ind1="0" ind2="7">
    <subfield code="a">CHEMICAL WEAPONS</subfield>
    <subfield code="0">(DHLAUTH)268857</subfield>
  </datafield>
  <datafield tag="650" ind1="0" ind2="7">
    <subfield code="a">NUCLEAR NON-PROLIFERATION</subfield>
    <subfield code="0">(DHLAUTH)268951</subfield>
  </datafield>
  <datafield tag="650" ind1="0" ind2="7">
    <subfield code="a">DISARMAMENT AGREEMENTS</subfield>
    <subfield code="0">(DHLAUTH)268889</subfield>
  </datafield>
  <datafield tag="650" ind1="0" ind2="7">
    <subfield code="a">CONFIDENCE-BUILDING MEASURES</subfield>
    <subfield code="0">(DHLAUTH)268594</subfield>
  </datafield>
  <datafield tag="650" ind1="0" ind2="7">
    <subfield code="a">MILITARY EXPENDITURES</subfield>
    <subfield code="0">(DHLAUTH)268828</subfield>
  </datafield>
  <datafield tag="650" ind1="0" ind2="7">
    <subfield code="a">EUROPEAN SECURITY AND COOPERATION</subfield>
    <subfield code="0">(DHLAUTH)268586</subfield>
  </datafield>
  <datafield tag="650" ind1="0" ind2="7">
    <subfield code="a">NUCLEAR WEAPON TESTS</subfield>
    <subfield code="0">(DHLAUTH)268965</subfield>
  </datafield>
  <datafield tag="650" ind1="0" ind2="7">
    <subfield code="a">ARMS RACE</subfield>
    <subfield code="0">(DHLAUTH)268568</subfield>
  </datafield>
  <datafield tag="650" ind1="0" ind2="7">
    <subfield code="a">OUTER SPACE</subfield>
    <subfield code="0">(DHLAUTH)269444</subfield>
  </datafield>
  <datafield tag="650" ind1="0" ind2="7">
    <subfield code="a">NON-NUCLEAR-WEAPON STATES</subfield>
    <subfield code="0">(DHLAUTH)268533</subfield>
  </datafield>
  <datafield tag="650" ind1="0" ind2="7">
    <subfield code="a">ZONES OF PEACE</subfield>
    <subfield code="0">(DHLAUTH)268717</subfield>
  </datafield>
  <datafield tag="650" ind1="0" ind2="7">
    <subfield code="a">VERIFICATION</subfield>
    <subfield code="0">(DHLAUTH)268892</subfield>
  </datafield>
  <datafield tag="793" ind1=" " ind2=" ">
    <subfield code="a">PL</subfield>
  </datafield>
  <datafield tag="856" ind1="4" ind2=" ">
    <subfield code="u">https://digitallibrary.un.org/record/41790/files/A_S-15_PV.18-EN.pdf</subfield>
    <subfield code="y">English</subfield>
    <subfield code="9">c6b7bcf2-2cca-4e76-8dc4-31686be319f1</subfield>
    <subfield code="s">2434474</subfield>
  </datafield>
  <datafield tag="930" ind1=" " ind2=" ">
    <subfield code="a">UNDOCT88</subfield>
  </datafield>
  <datafield tag="955" ind1=" " ind2=" ">
    <subfield code="a">07093100</subfield>
  </datafield>
  <datafield tag="980" ind1=" " ind2=" ">
    <subfield code="a">BIB</subfield>
  </datafield>
  <datafield tag="981" ind1=" " ind2=" ">
    <subfield code="a">General Assembly</subfield>
    <subfield code="b">General Assembly Plenary</subfield>
  </datafield>
  <datafield tag="989" ind1=" " ind2=" ">
    <subfield code="a">Documents and Publications</subfield>
    <subfield code="b">Meeting Records</subfield>
    <subfield code="c">Verbatim Records</subfield>
  </datafield>
  <datafield tag="991" ind1="1" ind2=" ">
    <subfield code="a">A/S-15/15</subfield>
    <subfield code="b">8</subfield>
    <subfield code="c">General debate.</subfield>
    <subfield code="f">G88</subfield>
    <subfield code="0">(DHLAUTH)356160</subfield>
  </datafield>
  <datafield tag="992" ind1=" " ind2=" ">
    <subfield code="a">1988-06-13</subfield>
  </datafield>
  <datafield tag="998" ind1=" " ind2=" ">
    <subfield code="a">19961223000000</subfield>
    <subfield code="c">20131210172300</subfield>
    <subfield code="d">nccat</subfield>
    <subfield code="x">0x00010000a5a7dfc6</subfield>
    <subfield code="z">20200214213955</subfield>
  </datafield>
</record>