
<record>
  <controlfield tag="000">01723nam\\\\2200517#\\\\4500</controlfield>
  <controlfield tag="001">41788</controlfield>
  <controlfield tag="005">20220624164618.0</controlfield>
  <controlfield tag="008">880713s1988\\\\\\\\usa\\\\\\\\\\r\\\\\\\\\\\\\\\\\\\\\\eng\\u</controlfield>
  <datafield tag="035" ind1=" " ind2=" ">
    <subfield code="a">D131705X</subfield>
    <subfield code="z">I0049048</subfield>
    <subfield code="z">D0097479</subfield>
  </datafield>
  <datafield tag="035" ind1=" " ind2=" ">
    <subfield code="a">(DHL)131705</subfield>
  </datafield>
  <datafield tag="039" ind1=" " ind2=" ">
    <subfield code="a">DHU</subfield>
  </datafield>
  <datafield tag="040" ind1=" " ind2=" ">
    <subfield code="a">NNUN</subfield>
    <subfield code="b">eng</subfield>
  </datafield>
  <datafield tag="041" ind1=" " ind2=" ">
    <subfield code="a">engarachifrerusspa</subfield>
  </datafield>
  <datafield tag="049" ind1=" " ind2=" ">
    <subfield code="a">usa</subfield>
  </datafield>
  <datafield tag="089" ind1=" " ind2=" ">
    <subfield code="a">Meeting records (UN)</subfield>
    <subfield code="b">B03</subfield>
  </datafield>
  <datafield tag="091" ind1=" " ind2=" ">
    <subfield code="a">PRO</subfield>
  </datafield>
  <datafield tag="099" ind1=" " ind2=" ">
    <subfield code="a">UNH</subfield>
    <subfield code="b">DHU</subfield>
  </datafield>
  <datafield tag="191" ind1=" " ind2=" ">
    <subfield code="a">A/S-15/PV.13</subfield>
    <subfield code="b">A/</subfield>
    <subfield code="c">15sp</subfield>
    <subfield code="d">A/</subfield>
    <subfield code="e">S-15/PV.13</subfield>
    <subfield code="f">000088</subfield>
    <subfield code="q">AS15PV13</subfield>
    <subfield code="r">A15SP</subfield>
    <subfield code="0">(DHLAUTH)356039</subfield>
  </datafield>
  <datafield tag="245" ind1="1" ind2="0">
    <subfield code="a">Provisional verbatim record of the 13th meeting, held at Headquarters, New York, on Wednesday, 8 June 1988 :</subfield>
    <subfield code="b">General Assembly, 15th special session.</subfield>
  </datafield>
  <datafield tag="260" ind1=" " ind2=" ">
    <subfield code="a">[New York] :</subfield>
    <subfield code="b">UN,</subfield>
    <subfield code="c">14 June 1988.</subfield>
  </datafield>
  <datafield tag="269" ind1=" " ind2=" ">
    <subfield code="a">1988-06-14</subfield>
  </datafield>
  <datafield tag="300" ind1=" " ind2=" ">
    <subfield code="a">[79] p.</subfield>
  </datafield>
  <datafield tag="610" ind1="2" ind2="7">
    <subfield code="a">UN. GENERAL ASSEMBLY (15TH SPECIAL SESS. : 1988)</subfield>
    <subfield code="g">WORK ORGANIZATION.</subfield>
    <subfield code="0">(DHLAUTH)357731</subfield>
  </datafield>
  <datafield tag="630" ind1="0" ind2="7">
    <subfield code="a">Treaty between the United States of America and the Union of Soviet Socialist Republics on the Elimination of Their Intermediate-Range and Shorter-Range Missiles (1987)</subfield>
    <subfield code="0">(DHLAUTH)133653</subfield>
  </datafield>
  <datafield tag="650" ind1="0" ind2="7">
    <subfield code="a">POLITICAL CONDITIONS</subfield>
    <subfield code="0">(DHLAUTH)268326</subfield>
  </datafield>
  <datafield tag="650" ind1="0" ind2="7">
    <subfield code="a">SOUTHERN AFRICA</subfield>
    <subfield code="0">(DHLAUTH)275464</subfield>
  </datafield>
  <datafield tag="650" ind1="0" ind2="7">
    <subfield code="a">ARMS RACE</subfield>
    <subfield code="0">(DHLAUTH)268568</subfield>
  </datafield>
  <datafield tag="650" ind1="0" ind2="7">
    <subfield code="a">DEVELOPMENT</subfield>
    <subfield code="0">(DHLAUTH)269844</subfield>
  </datafield>
  <datafield tag="650" ind1="0" ind2="7">
    <subfield code="a">CHEMICAL WEAPONS</subfield>
    <subfield code="0">(DHLAUTH)268857</subfield>
  </datafield>
  <datafield tag="650" ind1="0" ind2="7">
    <subfield code="a">APARTHEID</subfield>
    <subfield code="0">(DHLAUTH)268992</subfield>
  </datafield>
  <datafield tag="650" ind1="0" ind2="7">
    <subfield code="a">DISARMAMENT NEGOTIATIONS</subfield>
    <subfield code="0">(DHLAUTH)268763</subfield>
  </datafield>
  <datafield tag="650" ind1="0" ind2="7">
    <subfield code="a">DISARMAMENT</subfield>
    <subfield code="0">(DHLAUTH)268584</subfield>
  </datafield>
  <datafield tag="650" ind1="0" ind2="7">
    <subfield code="a">CONFIDENCE-BUILDING MEASURES</subfield>
    <subfield code="0">(DHLAUTH)268594</subfield>
  </datafield>
  <datafield tag="650" ind1="0" ind2="7">
    <subfield code="a">VERIFICATION</subfield>
    <subfield code="0">(DHLAUTH)268892</subfield>
  </datafield>
  <datafield tag="650" ind1="0" ind2="7">
    <subfield code="a">ZONES OF PEACE</subfield>
    <subfield code="0">(DHLAUTH)268717</subfield>
  </datafield>
  <datafield tag="650" ind1="0" ind2="7">
    <subfield code="a">DRUG CONTROL</subfield>
    <subfield code="0">(DHLAUTH)273704</subfield>
  </datafield>
  <datafield tag="650" ind1="0" ind2="7">
    <subfield code="a">NUCLEAR WEAPON TESTS</subfield>
    <subfield code="0">(DHLAUTH)268965</subfield>
  </datafield>
  <datafield tag="650" ind1="0" ind2="7">
    <subfield code="a">NUCLEAR-WEAPON-FREE ZONES</subfield>
    <subfield code="0">(DHLAUTH)268725</subfield>
  </datafield>
  <datafield tag="650" ind1="0" ind2="7">
    <subfield code="a">DISARMAMENT AGREEMENTS</subfield>
    <subfield code="0">(DHLAUTH)268889</subfield>
  </datafield>
  <datafield tag="650" ind1="0" ind2="7">
    <subfield code="a">MILITARY EXPENDITURES</subfield>
    <subfield code="0">(DHLAUTH)268828</subfield>
  </datafield>
  <datafield tag="650" ind1="0" ind2="7">
    <subfield code="a">MILITARY BUDGETS</subfield>
    <subfield code="0">(DHLAUTH)268922</subfield>
  </datafield>
  <datafield tag="650" ind1="0" ind2="7">
    <subfield code="a">WORK ORGANIZATION</subfield>
    <subfield code="0">(DHLAUTH)275746</subfield>
  </datafield>

  <datafield tag="793" ind1=" " ind2=" ">
    <subfield code="a">PL</subfield>
  </datafield>
  <datafield tag="856" ind1="4" ind2=" ">
    <subfield code="y">English</subfield>
    <subfield code="9">8907fd69-4a01-4a02-94dd-4e4e116af001</subfield>
    <subfield code="s">4009198</subfield>
    <subfield code="u">https://digitallibrary.un.org/record/41788/files/A_S-15_PV.13-EN.pdf</subfield>
  </datafield>
  <datafield tag="930" ind1=" " ind2=" ">
    <subfield code="a">UNDOCT88</subfield>
  </datafield>
  <datafield tag="955" ind1=" " ind2=" ">
    <subfield code="a">07092600</subfield>
  </datafield>
  <datafield tag="980" ind1=" " ind2=" ">
    <subfield code="a">BIB</subfield>
  </datafield>
  <datafield tag="981" ind1=" " ind2=" ">
    <subfield code="a">General Assembly</subfield>
    <subfield code="b">General Assembly Plenary</subfield>
  </datafield>
  <datafield tag="989" ind1=" " ind2=" ">
    <subfield code="a">Documents and Publications</subfield>
    <subfield code="b">Meeting Records</subfield>
    <subfield code="c">Verbatim Records</subfield>
  </datafield>
  <datafield tag="991" ind1="1" ind2=" ">
    <subfield code="a">A/S-15/15</subfield>
    <subfield code="b">8</subfield>
    <subfield code="c">General debate.</subfield>
    <subfield code="f">G88</subfield>
    <subfield code="0">(DHLAUTH)356160</subfield>
  </datafield>
  <datafield tag="992" ind1=" " ind2=" ">
    <subfield code="a">1988-06-08</subfield>
  </datafield>
  <datafield tag="998" ind1=" " ind2=" ">
    <subfield code="a">19961223000000</subfield>
    <subfield code="c">20220623112800</subfield>
    <subfield code="d">sh35cat</subfield>
    <subfield code="x">0x00010000c6a70e11</subfield>
    <subfield code="z">20220623153047</subfield>
  </datafield>
</record>