
<record>
  <controlfield tag="000">07405nam a2200841#  4500961223961223</controlfield>
  <controlfield tag="001">39664</controlfield>
  <controlfield tag="005">20250811092512.0</controlfield>
  <controlfield tag="008">880613s1988    usa     r           eng u</controlfield>
  <datafield tag="035" ind1=" " ind2=" ">
    <subfield code="z">D0096778</subfield>
    <subfield code="z">I0048751</subfield>
    <subfield code="z">I0048752</subfield>
    <subfield code="z">I0048753</subfield>
    <subfield code="z">I0048754</subfield>
    <subfield code="z">I0048755</subfield>
    <subfield code="z">I0048756</subfield>
    <subfield code="z">I0048757</subfield>
    <subfield code="z">I0048758</subfield>
    <subfield code="z">I0048759</subfield>
    <subfield code="z">I0050661</subfield>
  </datafield>
  <datafield tag="035" ind1=" " ind2=" ">
    <subfield code="a">(DHL)126588</subfield>
  </datafield>
  <datafield tag="039" ind1=" " ind2=" ">
    <subfield code="a">DHU</subfield>
  </datafield>
  <datafield tag="040" ind1=" " ind2=" ">
    <subfield code="a">NNUN</subfield>
    <subfield code="b">eng</subfield>
  </datafield>
  <datafield tag="041" ind1=" " ind2=" ">
    <subfield code="a">engarachifrerusspa</subfield>
  </datafield>
  <datafield tag="049" ind1=" " ind2=" ">
    <subfield code="a">usa</subfield>
  </datafield>
  <datafield tag="089" ind1=" " ind2=" ">
    <subfield code="a">Meeting records (UN)</subfield>
    <subfield code="b">B03</subfield>
  </datafield>
  <datafield tag="091" ind1=" " ind2=" ">
    <subfield code="a">PRO</subfield>
  </datafield>
  <datafield tag="099" ind1=" " ind2=" ">
    <subfield code="a">UNH</subfield>
    <subfield code="b">DHU</subfield>
  </datafield>
  <datafield tag="191" ind1=" " ind2=" ">
    <subfield code="a">A/S-15/PV.1</subfield>
    <subfield code="b">A/</subfield>
    <subfield code="c">15sp</subfield>
    <subfield code="d">A/</subfield>
    <subfield code="e">S-15/PV.1</subfield>
    <subfield code="f">000075</subfield>
    <subfield code="q">AS15PV1</subfield>
    <subfield code="r">A15SP</subfield>
    <subfield code="0">(DHLAUTH)356039</subfield>
  </datafield>
  <datafield tag="245" ind1="1" ind2="0">
    <subfield code="a">Provisional verbatim record of the 1st meeting, held at Headquarters, New York, on Tuesday, 31 May 1988 :</subfield>
    <subfield code="b">General Assembly, 15th special session.</subfield>
  </datafield>
  <datafield tag="260" ind1=" " ind2=" ">
    <subfield code="a">[New York] :</subfield>
    <subfield code="b">UN,</subfield>
    <subfield code="c">1 June 1988.</subfield>
  </datafield>
  <datafield tag="269" ind1=" " ind2=" ">
    <subfield code="a">1988-06-01</subfield>
  </datafield>
  <datafield tag="300" ind1=" " ind2=" ">
    <subfield code="a">[40] p.</subfield>
  </datafield>
  <datafield tag="610" ind1="2" ind2="7">
    <subfield code="a">UN. GENERAL ASSEMBLY (15TH SPECIAL SESS. : 1988)</subfield>
    <subfield code="g">OFFICERS.</subfield>
    <subfield code="0">(DHLAUTH)356148</subfield>
  </datafield>
  <datafield tag="610" ind1="2" ind2="7">
    <subfield code="a">UN. GENERAL ASSEMBLY (15TH SPECIAL SESS. : 1988). CREDENTIALS COMMITTEE</subfield>
    <subfield code="g">MEMBERS.</subfield>
    <subfield code="0">(DHLAUTH)356149</subfield>
  </datafield>
  <datafield tag="610" ind1="2" ind2="7">
    <subfield code="a">UN. General Assembly (15th special sess. : 1988)</subfield>
    <subfield code="g">Representatives\' credentials</subfield>
    <subfield code="0">(DHLAUTH)356150</subfield>
  </datafield>
  <datafield tag="610" ind1="2" ind2="7">
    <subfield code="a">UN. General Assembly. President</subfield>
    <subfield code="0">(DHLAUTH)73967</subfield>
  </datafield>
  <datafield tag="610" ind1="2" ind2="7">
    <subfield code="a">UN. Preparatory Committee for the Third Special Session of the General Assembly devoted to Disarmament</subfield>
    <subfield code="0">(DHLAUTH)117369</subfield>
  </datafield>
  <datafield tag="610" ind1="2" ind2="7">
    <subfield code="a">UN. General Assembly (15th special sess. : 1988). Committee of the Whole. Chair</subfield>
    <subfield code="0">(DHLAUTH)136842</subfield>
  </datafield>
  <datafield tag="610" ind1="2" ind2="7">
    <subfield code="a">UN. GENERAL ASSEMBLY (15TH SPECIAL SESS. : 1988)</subfield>
    <subfield code="g">AGENDA.</subfield>
    <subfield code="0">(DHLAUTH)355500</subfield>
  </datafield>
  <datafield tag="650" ind1="0" ind2="7">
    <subfield code="a">NUCLEAR WEAPONS</subfield>
    <subfield code="0">(DHLAUTH)268852</subfield>
  </datafield>
  <datafield tag="650" ind1="0" ind2="7">
    <subfield code="a">DISARMAMENT AGREEMENTS</subfield>
    <subfield code="0">(DHLAUTH)268889</subfield>
  </datafield>
  <datafield tag="650" ind1="0" ind2="7">
    <subfield code="a">DISARMAMENT NEGOTIATIONS</subfield>
    <subfield code="0">(DHLAUTH)268763</subfield>
  </datafield>
  <datafield tag="650" ind1="0" ind2="7">
    <subfield code="a">USSR</subfield>
    <subfield code="0">(DHLAUTH)268529</subfield>
  </datafield>
  <datafield tag="650" ind1="0" ind2="7">
    <subfield code="a">UNITED STATES</subfield>
    <subfield code="0">(DHLAUTH)9644</subfield>
  </datafield>
  <datafield tag="650" ind1="0" ind2="7">
    <subfield code="a">APPOINTMENT OF MEMBERS</subfield>
    <subfield code="0">(DHLAUTH)275783</subfield>
  </datafield>
  <datafield tag="650" ind1="0" ind2="7">
    <subfield code="a">ELECTION OF OFFICERS</subfield>
    <subfield code="0">(DHLAUTH)275789</subfield>
  </datafield>
  <datafield tag="650" ind1="0" ind2="7">
    <subfield code="a">WORK ORGANIZATION</subfield>
    <subfield code="0">(DHLAUTH)275746</subfield>
  </datafield>
  <datafield tag="650" ind1="0" ind2="7">
    <subfield code="a">DISARMAMENT</subfield>
    <subfield code="0">(DHLAUTH)268584</subfield>
  </datafield>
  <datafield tag="650" ind1="0" ind2="7">
    <subfield code="a">INTERNATIONAL SECURITY</subfield>
    <subfield code="0">(DHLAUTH)268587</subfield>
  </datafield>
  <datafield tag="650" ind1="0" ind2="7">
    <subfield code="a">DISARMAMENT NEGOTIATIONS</subfield>
    <subfield code="0">(DHLAUTH)268763</subfield>
  </datafield>
  <datafield tag="650" ind1="0" ind2="7">
    <subfield code="a">NUCLEAR DISARMAMENT</subfield>
    <subfield code="0">(DHLAUTH)268886</subfield>
  </datafield>
  <datafield tag="650" ind1="0" ind2="7">
    <subfield code="a">ARMS LIMITATION</subfield>
    <subfield code="0">(DHLAUTH)268847</subfield>
  </datafield>
  <datafield tag="650" ind1="0" ind2="7">
    <subfield code="a">ARMS RACE</subfield>
    <subfield code="0">(DHLAUTH)268568</subfield>
  </datafield>
  <datafield tag="650" ind1="0" ind2="7">
    <subfield code="a">DEVELOPMENT</subfield>
    <subfield code="0">(DHLAUTH)269844</subfield>
  </datafield>
  <datafield tag="650" ind1="0" ind2="7">
    <subfield code="a">NUCLEAR WEAPON TESTS</subfield>
    <subfield code="0">(DHLAUTH)268965</subfield>
  </datafield>
  <datafield tag="650" ind1="0" ind2="7">
    <subfield code="a">DISARMAMENT AGREEMENTS</subfield>
    <subfield code="0">(DHLAUTH)268889</subfield>
  </datafield>
  <datafield tag="650" ind1="0" ind2="7">
    <subfield code="a">CONVENTIONAL WEAPONS</subfield>
    <subfield code="0">(DHLAUTH)268820</subfield>
  </datafield>
  <datafield tag="650" ind1="0" ind2="7">
    <subfield code="a">CONVENTIONAL DISARMAMENT</subfield>
    <subfield code="0">(DHLAUTH)268875</subfield>
  </datafield>
  <datafield tag="650" ind1="0" ind2="7">
    <subfield code="a">CONFIDENCE-BUILDING MEASURES</subfield>
    <subfield code="0">(DHLAUTH)268594</subfield>
  </datafield>
  <datafield tag="650" ind1="0" ind2="7">
    <subfield code="a">VERIFICATION</subfield>
    <subfield code="0">(DHLAUTH)268892</subfield>
  </datafield>
  <datafield tag="650" ind1="0" ind2="7">
    <subfield code="a">NUCLEAR WAR</subfield>
    <subfield code="0">(DHLAUTH)268785</subfield>
  </datafield>
  <datafield tag="650" ind1="0" ind2="7">
    <subfield code="a">CHEMICAL WEAPONS</subfield>
    <subfield code="0">(DHLAUTH)268857</subfield>
  </datafield>
  <datafield tag="650" ind1="0" ind2="7">
    <subfield code="a">CHEMICAL WEAPONS USE</subfield>
    <subfield code="0">(DHLAUTH)268862</subfield>
  </datafield>
  <datafield tag="650" ind1="0" ind2="7">
    <subfield code="a">MILITARY EXPENDITURES</subfield>
    <subfield code="0">(DHLAUTH)268828</subfield>
  </datafield>
  <datafield tag="650" ind1="0" ind2="7">
    <subfield code="a">NON-GOVERNMENTAL ORGANIZATIONS</subfield>
    <subfield code="0">(DHLAUTH)268665</subfield>
  </datafield>
  <datafield tag="650" ind1="0" ind2="7">
    <subfield code="a">REPRESENTATIVES\' CREDENTIALS</subfield>
    <subfield code="0">(DHLAUTH)275975</subfield>
  </datafield>
  <datafield tag="650" ind1="0" ind2="7">
    <subfield code="a">AGENDA</subfield>
    <subfield code="0">(DHLAUTH)275133</subfield>
  </datafield>
  <datafield tag="793" ind1=" " ind2=" ">
    <subfield code="a">PL</subfield>
  </datafield>
  <datafield tag="856" ind1="4" ind2=" ">
    <subfield code="u">https://digitallibrary.un.org/record/39664/files/A_S-15_PV.1-EN.pdf</subfield>
    <subfield code="y">English</subfield>
    <subfield code="9">2ca949a9-f040-4bc8-b6ed-dce7bffb4d56</subfield>
    <subfield code="s">1925290</subfield>
  </datafield>
  <datafield tag="930" ind1=" " ind2=" ">
    <subfield code="a">UNDOCT88</subfield>
  </datafield>
  <datafield tag="955" ind1=" " ind2=" ">
    <subfield code="a">07091300</subfield>
  </datafield>
  <datafield tag="980" ind1=" " ind2=" ">
    <subfield code="a">BIB</subfield>
  </datafield>
  <datafield tag="981" ind1=" " ind2=" ">
    <subfield code="a">General Assembly</subfield>
    <subfield code="b">General Assembly Plenary</subfield>
  </datafield>
  <datafield tag="989" ind1=" " ind2=" ">
    <subfield code="a">Documents and Publications</subfield>
    <subfield code="b">Meeting Records</subfield>
    <subfield code="c">Verbatim Records</subfield>
  </datafield>
  <datafield tag="991" ind1="1" ind2=" ">
    <subfield code="a">A/S-15/15</subfield>
    <subfield code="b">7</subfield>
    <subfield code="c">Adoption of the agenda.</subfield>
    <subfield code="e">At the 1st meeting, the Assembly decided to adopt the provisional agenda (A/S-15/10) without referring it to the General Committee. The agenda was adopted without change. - The Assembly further decided to allocate agenda items 1-9 and 16 to the plenary and agenda items 10-15 to the Ad Hoc Committee of the Whole: decision S-15/23</subfield>
    <subfield code="f">G88</subfield>
    <subfield code="0">(DHLAUTH)356054</subfield>
  </datafield>
  <datafield tag="991" ind1="1" ind2=" ">
    <subfield code="a">A/S-15/15</subfield>
    <subfield code="b">5</subfield>
    <subfield code="c">Organization of the session.</subfield>
    <subfield code="e">At the 1st meeting, the proposal to invite the Director-General of the IAEA to address the Assembly, was adopted. - It was decided to invite the Agency for the Prohibition of Nuclear Weapons in Latin America (OPANAL) to participate in the special session. - The proposal to allow non-member States to participate in the general debate in plenary meeting was adopted</subfield>
    <subfield code="f">G88</subfield>
    <subfield code="0">(DHLAUTH)356061</subfield>
  </datafield>
  <datafield tag="991" ind1="1" ind2=" ">
    <subfield code="a">A/S-15/15</subfield>
    <subfield code="b">6</subfield>
    <subfield code="c">Report of the Preparatory Committee for the Third Special Session of the General Assembly Devoted to Disarmament.</subfield>
    <subfield code="e">At the 1st meeting, the Assembly endorsed the report of the Preparatory Committee for the Third Special Session of the General Assembly Devoted to Disarmament: decision S-15/22</subfield>
    <subfield code="f">G88</subfield>
    <subfield code="0">(DHLAUTH)356045</subfield>
  </datafield>
  <datafield tag="991" ind1="1" ind2=" ">
    <subfield code="a">A/S-15/15</subfield>
    <subfield code="b">9</subfield>
    <subfield code="c">Review and appraisal of the present international situation, especially in the light of the vital objective of terminating the arms race and the pressing need to achieve substantial progress in the field of disarmament.</subfield>
    <subfield code="f">G88</subfield>
    <subfield code="0">(DHLAUTH)356055</subfield>
  </datafield>
  <datafield tag="991" ind1="1" ind2=" ">
    <subfield code="a">A/S-15/15</subfield>
    <subfield code="b">13</subfield>
    <subfield code="c">Consideration of the role of the United Nations in the field of disarmament and of the effectiveness of the disarmament machinery.</subfield>
    <subfield code="f">G88</subfield>
    <subfield code="0">(DHLAUTH)356047</subfield>
  </datafield>
  <datafield tag="991" ind1="1" ind2=" ">
    <subfield code="a">A/S-15/15</subfield>
    <subfield code="b">15</subfield>
    <subfield code="c">Relationship between disarmament and development, in the light of the action programme adopted at the International Conference.</subfield>
    <subfield code="f">G88</subfield>
    <subfield code="0">(DHLAUTH)356059</subfield>
  </datafield>
  <datafield tag="991" ind1="1" ind2=" ">
    <subfield code="a">A/S-15/15</subfield>
    <subfield code="b">12</subfield>
    <subfield code="c">Assessment of developments and trends, including qualitative and quantitative aspects, relevant to the disarmament process, with a view to the elaboration of appropriate concrete and practical measures and, if necessary, additional principles, taking duly into account the principles and priorities established in the final document of the 10th special session of the General Assembly, the 1st special session devoted to disarmament.</subfield>
    <subfield code="f">G88</subfield>
    <subfield code="0">(DHLAUTH)356057</subfield>
  </datafield>
  <datafield tag="991" ind1="1" ind2=" ">
    <subfield code="a">A/S-15/15</subfield>
    <subfield code="b">4</subfield>
    <subfield code="c">Election of the President of the General Assembly.</subfield>
    <subfield code="e">At the 1st meeting, the Assembly decided that Peter Florin (German Democratic Republic), President of the 42nd session, would serve as President of the 15th Special session: decision S-15/12</subfield>
    <subfield code="f">G88</subfield>
    <subfield code="0">(DHLAUTH)356151</subfield>
  </datafield>
  <datafield tag="991" ind1="1" ind2=" ">
    <subfield code="a">A/S-15/15</subfield>
    <subfield code="b">3a</subfield>
    <subfield code="c">Appointment of the members of the Credentials Committee.</subfield>
    <subfield code="e">At the 1st meeting, the Assembly decided that the Credentials Committee would be the same as that of the 42nd session, namely: Argentina, Barbados, Cape Verde, China, Germany, Federal Republic of, Kenya, Singapore, USSR and United States: decision S-15/11</subfield>
    <subfield code="f">G88</subfield>
    <subfield code="0">(DHLAUTH)356152</subfield>
  </datafield>
  <datafield tag="991" ind1="1" ind2=" ">
    <subfield code="a">A/S-15/15</subfield>
    <subfield code="b">[17]</subfield>
    <subfield code="e">At the 1st meeting, the Assembly took note of the information in A/S-15/18 that 8 Member States are in arrears under the terms of art. 19 of the Charter of the UN</subfield>
    <subfield code="f">G88</subfield>
    <subfield code="0">(DHLAUTH)356060</subfield>
  </datafield>
  <datafield tag="991" ind1="1" ind2=" ">
    <subfield code="a">A/S-15/15</subfield>
    <subfield code="b">2</subfield>
    <subfield code="c">Minute of silent prayer or meditation.</subfield>
    <subfield code="e">At the 1st meeting, representatives were invited to observe a minute of silent prayer or meditation</subfield>
    <subfield code="f">G88</subfield>
    <subfield code="0">(DHLAUTH)356153</subfield>
  </datafield>
  <datafield tag="991" ind1="1" ind2=" ">
    <subfield code="a">A/S-15/15</subfield>
    <subfield code="b">1</subfield>
    <subfield code="c">Opening of the session by the Chairman of the delegation of the German Democratic Republic.</subfield>
    <subfield code="e">The 15th special session of the General Assembly (the 3rd special session devoted to disarmament) was declared open by the Acting Temporary President, Oscar Fischer (German Democratic Republic)</subfield>
    <subfield code="f">G88</subfield>
    <subfield code="0">(DHLAUTH)356154</subfield>
  </datafield>
  <datafield tag="991" ind1="1" ind2=" ">
    <subfield code="a">A/S-15/15</subfield>
    <subfield code="b">[24]</subfield>
    <subfield code="e">At the 1st meeting, the Assembly decided that the Chairmen of the Main Committees of the 42nd session would continue in the same posts for the 15th special session: 1st Committee: Bagbeni Adeito Nzengeya (Zaire); Special Political Committee: Hamad Adbalaziz Al-Kawari (Qatar); 2nd Committee: Guennadi Oudovenko (USSR); 3rd Committee: Leonardo Kam (Panama); 4th Committee: Constantine Moushoutas (Cyprus); 5th Committee: Henrik Amneus (Sweden); 6th Committee: Ali Sunni Muntasser (Libyan Arab Jamahiriya): decision S-15/13; Vice-Presidents of the 42nd session were also appointed Vice-Presidents of the 15th special session: Botswana, Cameroon, China, Comoros, France, Jordan, Mauritania, Mongolia, Netherlands, Nicaragua, Paraguay, Portugal, Saint Vincent and the Grenadines, Singapore, Sri Lanka, Syrian Arab Republic, Togo, Tunisia, USSR, the United Kingdom and the United States: decision S-15/14. - The Assembly endorsed the recommendation of the Preparatory Committee by establishing an ad hoc committee of the whole to be designated "Committee of the Whole of the 15th Special Session": decision S-15/21. - Mansour Ahmad (Pakistan), Chairman of the Preparatory Committee, was elected Chairman of the Committee of the Whole by acclamation: decision S-15/15</subfield>
    <subfield code="f">G88</subfield>
    <subfield code="0">(DHLAUTH)356155</subfield>
  </datafield>
  <datafield tag="992" ind1=" " ind2=" ">
    <subfield code="a">1988-05-31</subfield>
  </datafield>
  <datafield tag="998" ind1=" " ind2=" ">
    <subfield code="a">19961223000000</subfield>
    <subfield code="c">20220623112800</subfield>
    <subfield code="d">sh35cat</subfield>
    <subfield code="x">0x00010000c6a70d9a</subfield>
    <subfield code="z">20220623153047</subfield>
  </datafield>
  <datafield tag="999" ind1=" " ind2=" ">
    <subfield code="a">vwu20250619</subfield>
    <subfield code="b">20250619</subfield>
    <subfield code="c">u</subfield>
  </datafield>
</record>
</collection>'